@inproceedings{Wang:2011:RDE:2082758.2083394,
	author = {Wang, Dandan and Wang, Qing and Yang, Ye and Li, Qi and Wang, Haitao and Yuan, Feng},
	title = {"Is It Really a Defect?" An Empirical Study on Measuring and Improving the Process of Software Defect Reporting},
	booktitle = {Proceedings of the 2011 International Symposium on Empirical Software Engineering and Measurement},
	series = {ESEM '11},
	year = {2011},
	isbn = {978-0-7695-4604-9},
	pages = {434--443},
	numpages = {10},
	url = {http://dx.doi.org/10.1109/ESEM.2011.62},
	doi = {10.1109/ESEM.2011.62},
	acmid = {2083394},
	publisher = {IEEE Computer Society},
	address = {Washington, DC, USA},
	keywords = {Software testing, the quality of defect reports, unclear defect reports, invalid defect reports, improvement, training},
} 

@article{SPE:SPE1043,
	author = {Gao, Kehan and Khoshgoftaar, Taghi M. and Wang, Huanjing and Seliya, Naeem},
	title = {Choosing software metrics for defect prediction: an investigation on feature selection techniques},
	journal = {Software: Practice and Experience},
	volume = {41},
	number = {5},
	publisher = {John Wiley & Sons, Ltd.},
	issn = {1097-024X},
	url = {http://dx.doi.org/10.1002/spe.1043},
	doi = {10.1002/spe.1043},
	pages = {579--606},
	keywords = {software metric, defect prediction, attribute selection, feature ranking, feature subset selection, search-based software engineering, software quality},
	year = {2011},
}

@article{Lessmann:2008:BCM:1446226.1446245,
	author = {Lessmann, Stefan and Baesens, Bart and Mues, Christophe and Pietsch, Swantje},
	title = {Benchmarking Classification Models for Software Defect Prediction: A Proposed Framework and Novel Findings},
	journal = {IEEE Trans. Softw. Eng.},
	issue_date = {July 2008},
	volume = {34},
	number = {4},
	month = jul,
	year = {2008},
	issn = {0098-5589},
	pages = {485--496},
	numpages = {12},
	url = {http://dx.doi.org/10.1109/TSE.2008.35},
	doi = {10.1109/TSE.2008.35},
	acmid = {1446245},
	publisher = {IEEE Press},
	address = {Piscataway, NJ, USA},
	keywords = {Complexity measures, Complexity measures, Data mining, Formal methods, Statistical methods, Data mining, Formal methods, Statistical methods},
} 

@incollection{
	year={2001},
	isbn={978-3-540-42290-7},
	booktitle={Pioneers and Their Contributions to Software Engineering},
	editor={Broy, Manfred and Denert, Ernst},
	doi={10.1007/978-3-642-48354-7_14},
	title={Advances in Software Inspections},
	url={http://dx.doi.org/10.1007/978-3-642-48354-7_14},
	publisher={Springer Berlin Heidelberg},
	keywords={Defect detection; inspection; project management; quality assurance; software development; software engineering; software quality; testing; walkthru},
	author={Fagan, MichaelE.},
	pages={335-360},
	language={English}
}

@inproceedings{Williams:2003:TDD:951952.952364,
	author = {Williams, Laurie and Maximilien, E. Michael and Vouk, Mladen},
	title = {Test-Driven Development as a Defect-Reduction Practice},
	booktitle = {Proceedings of the 14th International Symposium on Software Reliability Engineering},
	series = {ISSRE '03},
	year = {2003},
	isbn = {0-7695-2007-3},
	pages = {34--},
	url = {http://dl.acm.org/citation.cfm?id=951952.952364},
	acmid = {952364},
	publisher = {IEEE Computer Society},
	address = {Washington, DC, USA},
} 

@article{Boehm:2001:SDR:619059.621640,
	author = {Boehm, Barry and Basili, Victor R.},
	title = {Software Defect Reduction Top 10 List},
	journal = {Computer},
	issue_date = {January 2001},
	volume = {34},
	number = {1},
	month = jan,
	year = {2001},
	issn = {0018-9162},
	pages = {135--137},
	numpages = {3},
	url = {http://dx.doi.org/10.1109/2.962984},
	doi = {10.1109/2.962984},
	acmid = {621640},
	publisher = {IEEE Computer Society Press},
	address = {Los Alamitos, CA, USA},
} 

@misc{Soni:2010:DP,
	author = {Soni, Mukesh},
	title = {Defect Prevention: Reducing Costs and Enhancing Quality},
	year = {2010},
	month = feb,
	url =
	{http://www.isixsigma.com/industries/software-it/defect-prevention-reducing-costs-and-enhancing-quality/},
	publisher = {iSixSigma},
}

@incollection{Fagan:2002:DCI:944331.944367,
	author = {Fagan, Michael},
	chapter = {Design and code inspections to reduce errors in program development},
	title = {Software pioneers},
	editor = {Broy, Manfred and Denert, Ernst},
	year = {2002},
	isbn = {3-540-43081-4},
	pages = {575--607},
	numpages = {33},
	url = {http://dl.acm.org/citation.cfm?id=944331.944367},
	acmid = {944367},
	publisher = {Springer-Verlag New York, Inc.},
	address = {New York, NY, USA},
} 

@misc{Buthmann:2010:CQ,
	author = {Buthmann, Arne},
	title = {Cost of Quality: Not Only Failure Costs},
	year = {2010},
	month = feb,
	url =
	{http://www.isixsigma.com/implementation/financial-analysis/cost-quality-not-only-failure-costs/},
	publisher = {iSixSigma},
}

@misc{Hallowell:2010:EDCMA,
	author = {Hallowell, David L.},
	title = {Exploring Defect Containment Metrics in Agile},
	year = 2010,
	month = feb,
	url = {http://www.isixsigma.com/methodology/metrics/exploring-defect-containment-metrics-agile/},
	publisher = {iSixSigma},
}

@article{doi:10.1076/csed.12.3.213.8614,
	author = {Tomayko, James E.},
	title = {A Comparison of Pair Programming to Inspections for Software Defect Reduction},
	journal = {Computer Science Education},
	volume = {12},
	number = {3},
	pages = {213-222},
	year = {2002},
	doi = {10.1076/csed.12.3.213.8614},

	URL = {http://www.tandfonline.com/doi/abs/10.1076/csed.12.3.213.8614},
	eprint = {http://www.tandfonline.com/doi/pdf/10.1076/csed.12.3.213.8614}
}

@article{Peng20123,
	title = "User preferences based software defect detection algorithms selection using {MCDM} ",
	journal = "Information Sciences ",
	volume = "191",
	number = "0",
	pages = "3 - 13",
	year = "2012",
	note = "<ce:title>Data Mining for Software Trustworthiness</ce:title> ",
	issn = "0020-0255",
	doi = "http://dx.doi.org/10.1016/j.ins.2010.04.019",
	url = "http://www.sciencedirect.com/science/article/pii/S0020025510001751",
	author = "Yi Peng and Guoxun Wang and Honggang Wang",
	keywords = "Algorithm selection",
	keywords = "Classification algorithm",
	keywords = "Knowledge-driven data mining",
	keywords = "Multi-criteria decision making (MCDM)",
	keywords = "Software defect detection "
}

@article{STVR:STVR419,
	author = {Cangussu, Jo√£o W. and Haider, Syed W. and Cooper, Kendra and Baron, Michael},
	title = {On the selection of software defect estimation techniques},
	journal = {Software Testing, Verification and Reliability},
	volume = {21},
	number = {2},
	publisher = {John Wiley & Sons, Ltd.},
	issn = {1099-1689},
	url = {http://dx.doi.org/10.1002/stvr.419},
	doi = {10.1002/stvr.419},
	pages = {125--152},
	keywords = {defect estimation, software testing, estimation theory},
	year = {2011},
}
