@INPROCEEDINGS{Dumas01umlactivity,
    author = {Marlon Dumas and Arthur H.M. ter Hofstede},
    title = {UML Activity Diagrams as a Workflow Specification Language},
    booktitle = {},
    year = {2001},
    pages = {76--90},
    publisher = {Springer Verlag}
}

@misc{BellUMLBasics,
	title={UML basics: An introduction to the Unified Modeling Language},
	author = {David Bell},
	year={2003},
	month={Jun},
	publisher = {IBM},
	url={http://www.ibm.com/developerworks/rational/library/769.html}
}

@book{Booch:2004:OAD:975416,
 author = {Booch, Grady},
 title = {Object-Oriented Analysis and Design with Applications (3rd Edition)},
 year = {2004},
 isbn = {020189551X},
 publisher = {Addison Wesley Longman Publishing Co., Inc.},
 address = {Redwood City, CA, USA},
} 
