@article{boehm1984software,
  title={Software engineering economics},
  author={Boehm, Barry W},
  journal={Software Engineering, IEEE Transactions on},
  number={1},
  pages={4--21},
  year={1984},
  publisher={IEEE}
}

@article{putnam1978general,
  title={A general empirical solution to the macro software sizing and
    estimating problem},
  author={Putnam, Lawrence H.},
  journal={Software Engineering, IEEE Transactions on},
  number={4},
  pages={345--361},
  year={1978},
  publisher={IEEE}
}

@article{epstein2008model,
  title={Why model?},
  author={Epstein, Joshua M},
  journal={Journal of Artificial Societies and Social Simulation},
  volume={11},
  number={4},
  pages={12},
  year={2008}
}

@inproceedings{gaugingStakeholderPerc,
  author = {Rv, Prasanth and Hoefnagel, Bram},
  title = {Unveiling the unknown: gauging stakeholder perception},
  booktitle = {Proceedings of the 5th India Software Engineering Conference},
  series = {ISEC '12},
  year = {2012},
  isbn = {978-1-4503-1142-7},
  location = {Kanpur, India},
  pages = {91--96},
  numpages = {6},
  url = {http://doi.acm.org/10.1145/2134254.2134270},
  doi = {10.1145/2134254.2134270},
  acmid = {2134270},
  publisher = {ACM},
  address = {New York, NY, USA},
  keywords = {efficiency, engagement, innovation, metrics,
    perception, quality, sense, simplicity, stakeholders,
    vision},
}

@article{green2005impacts,
  title={The impacts of quality and productivity perceptions on the use of
    software process improvement innovations},
  author={Green, Gina C and Hevner, Alan R and Webb Collins, Rosann},
  journal={Information and Software Technology},
  volume={47},
  number={8},
  pages={543--553},
  year={2005},
  publisher={Elsevier}
}

@misc{duterryassspeci,
  title={{CITS}5502: Assignment Two --- Simulating a Process},
  author={Huynh,Du and Woodings,Terry},
  year=2013,
  month=aug,
}

@book{pulford1996overconfidence,
    title={Overconfidence in human judgement},
      author={Pulford, Briony D},
    year=1996
}

@article{brooks1987no,
  title={No silver bullet-essence and accidents of software engineering},
  author={Brooks Jr, Frederick P},
  journal={IEEE computer},
  volume={20},
  number={4},
  pages={10--19},
  year={1987}
}


@misc{negex,
  title={File:Exp.png},
  author={Cyp},
  howpublished={\url{https://commons.wikimedia.org/wiki/File:Exp.png}}
}
