@article{boehm1975some,
  title={Some experience with automated aids to the design of large-scale reliable software},
  author={Boehm, Barry W and Mcclean, Robert K and Urfrig, DE},
  journal={Software Engineering, IEEE Transactions on},
  number={1},
  pages={125--133},
  year={1975},
  publisher={IEEE}
}

@article{glass1998software,
  title={Software runaways: lessons learned from massive software project failures},
  author={Glass, Robert L},
  journal={Prentice-Hall Co. and Yourdon Press. Communications of the ACM},
  volume={41},
  number={7},
  pages={14--17},
  year={1998}
}

@article{WoodingsUnpublished,
	title={Unpublished paper},
	author={Woodings, Terry},
	journal={Unpublished},
	note={This paper was presented at a workshop for CITS5502 and we reference it to motivate the
		usage of our theoretical models.}
}

@article{kemerer1992now,
  title={Now the learning curve affects CASE tool adoption},
  author={Kemerer, Chris F.},
  journal={Software, IEEE},
  volume={9},
  number={3},
  pages={23--28},
  year={1992},
  publisher={IEEE}
}

@book{humphrey1997introduction,
  title={Introduction to the Personal Software Process SM},
  author={Humphrey, Watts S},
  year={1997},
  publisher={Addison-Wesley Professional}
}

